<?xml version="1.0" encoding="UTF-8"?>
<record xmlns='http://www.loc.gov/MARC21/slim'><leader>02984cam a2200493 i 4500</leader><controlfield tag='001'>9918309193506421</controlfield><controlfield tag='005'>20220602140647.0</controlfield><controlfield tag='008'>060127s1852    cc            000 0 chi d</controlfield><datafield ind1=' ' ind2=' ' tag='035'><subfield code='a'>(OCoLC)63184220</subfield></datafield><datafield ind1=' ' ind2=' ' tag='035'><subfield code='a'>(OCoLC)ocm63184220</subfield></datafield><datafield ind1=' ' ind2=' ' tag='035'><subfield code='a'>(NjP)1830919-princetondb</subfield></datafield><datafield ind1=' ' ind2=' ' tag='040'><subfield code='a'>PULEA</subfield><subfield code='b'>eng</subfield><subfield code='e'>cgcrb</subfield><subfield code='c'>PULEA</subfield><subfield code='d'>OCLCQ</subfield><subfield code='d'>PUL</subfield></datafield><datafield ind1=' ' ind2=' ' tag='084'><subfield code='a'>9315/4228</subfield><subfield code='2'>cscjb</subfield></datafield><datafield ind1='1' ind2=' ' tag='100'><subfield code='6'>880-01</subfield><subfield code='a'>Ball, Dyer,</subfield><subfield code='d'>1796-1866.</subfield></datafield><datafield ind1='1' ind2=' ' tag='880'><subfield code='6'>100-01</subfield><subfield code='a'>波乃耶,</subfield><subfield code='d'>1796-1866.</subfield></datafield><datafield ind1='1' ind2='0' tag='245'><subfield code='6'>880-02</subfield><subfield code='a'>Hua fan he he tong shu.</subfield></datafield><datafield ind1='1' ind2='0' tag='880'><subfield code='6'>245-02</subfield><subfield code='a'>華番和合通書.</subfield></datafield><datafield ind1='3' ind2='0' tag='246'><subfield code='6'>880-03</subfield><subfield code='a'>He he tong shu</subfield></datafield><datafield ind1='3' ind2='0' tag='880'><subfield code='6'>246-03</subfield><subfield code='a'>和合通書</subfield></datafield><datafield ind1=' ' ind2=' ' tag='250'><subfield code='6'>880-04</subfield><subfield code='a'>Ke ben, xian zhuang.</subfield></datafield><datafield ind1=' ' ind2=' ' tag='880'><subfield code='6'>250-04</subfield><subfield code='a'>刻本, 綫裝.</subfield></datafield><datafield ind1=' ' ind2='1' tag='264'><subfield code='6'>880-05</subfield><subfield code='a'>[China]:</subfield><subfield code='b'>[bonaiye],</subfield><subfield code='c'>Qing Xianfeng 2 nian [1852]</subfield></datafield><datafield ind1=' ' ind2='1' tag='880'><subfield code='6'>264-05</subfield><subfield code='a'>[China]:</subfield><subfield code='b'>[波乃耶],</subfield><subfield code='c'>清咸豐2年 [1852]</subfield></datafield><datafield ind1=' ' ind2=' ' tag='300'><subfield code='a'>1 volume :</subfield><subfield code='b'>illustrations, maps ;</subfield><subfield code='c'>27 cm</subfield></datafield><datafield ind1=' ' ind2=' ' tag='336'><subfield code='a'>text</subfield><subfield code='b'>txt</subfield><subfield code='2'>rdacontent</subfield></datafield><datafield ind1=' ' ind2=' ' tag='337'><subfield code='a'>unmediated</subfield><subfield code='b'>n</subfield><subfield code='2'>rdamedia</subfield></datafield><datafield ind1=' ' ind2=' ' tag='338'><subfield code='a'>volume</subfield><subfield code='b'>nc</subfield><subfield code='2'>rdacarrier</subfield></datafield><datafield ind1=' ' ind2='0' tag='650'><subfield code='a'>Theology, Doctrinal.</subfield></datafield><datafield ind1=' ' ind2='0' tag='650'><subfield code='a'>Almanacs, Chinese.</subfield></datafield><datafield ind1=' ' ind2='7' tag='650'><subfield code='6'>880-06</subfield><subfield code='a'>Zi bu</subfield><subfield code='x'>Zhu jia lei</subfield><subfield code='x'>Jidu jiao zhi shu</subfield><subfield code='2'>skbb</subfield></datafield><datafield ind1=' ' ind2='7' tag='880'><subfield code='6'>650-06</subfield><subfield code='a'>子部</subfield><subfield code='x'>諸家類</subfield><subfield code='x'>基督教之屬</subfield><subfield code='2'>skbb</subfield></datafield><datafield ind1=' ' ind2='7' tag='650'><subfield code='6'>880-07</subfield><subfield code='a'>Zi bu</subfield><subfield code='x'>Tian wen suan fa lei</subfield><subfield code='x'>Li fa.</subfield><subfield code='2'>sk</subfield></datafield><datafield ind1=' ' ind2='7' tag='880'><subfield code='6'>650-07</subfield><subfield code='a'>子部</subfield><subfield code='x'>天文算法類</subfield><subfield code='x'>曆法.</subfield><subfield code='2'>sk</subfield></datafield><datafield ind1='2' ind2=' ' tag='710'><subfield code='a'>Chinese Rare Books Project</subfield><subfield code='g'>Post-1795 books</subfield><subfield code='5'>NjP</subfield></datafield><datafield ind1=' ' ind2=' ' tag='880'><subfield code='6'>500-00</subfield><subfield code='a'>封面題：&quot;咸豐二年 番自耶穌降生至今一千八百五十二年 華蕃和合通書&quot;.</subfield></datafield><datafield ind1=' ' ind2=' ' tag='880'><subfield code='6'>500-00</subfield><subfield code='a'>&quot;Dyer Ball (1796-1866), between 1843 and 1854, Dyer compiled and published one Chinese almanc every year&quot; --本舘《唐番和合通書》（BT65T364 1861）所附購書介紹. 維基百科&quot;波乃耶 (傳教士)&quot;</subfield></datafield><datafield ind1=' ' ind2=' ' tag='880'><subfield code='6'>500-00</subfield><subfield code='a'>&quot;棄假歸真論&quot;首葉框18.5 x 13.5公分, 10行24字, 白口, 四周雙邊, 單黑魚尾. 版心上鐫篇名.</subfield></datafield><datafield ind1='4' ind2=' ' tag='880'><subfield code='6'>510-00</subfield><subfield code='a'>波乃耶(Dyer Ball), 參見維基百科</subfield><subfield code='c'>&quot;波乃耶 (傳教士)&quot;條目--2022年5月5日查看.</subfield></datafield><datafield ind1='4' ind2='1' tag='856'><subfield code='3'>Selected images</subfield><subfield code='u'>http://arks.princeton.edu/ark:/88435/dccf95jp00m</subfield></datafield><datafield ind1=' ' ind2=' ' tag='902'><subfield code='a'>010006123</subfield><subfield code='w'>original</subfield></datafield><datafield ind1=' ' ind2=' ' tag='910'><subfield code='a'>rcp3415</subfield></datafield><datafield ind1=' ' ind2=' ' tag='946'><subfield code='a'>1830919</subfield></datafield><datafield ind1=' ' ind2=' ' tag='987'><subfield code='a'>PINYIN</subfield><subfield code='b'>NjP-G</subfield><subfield code='d'>c</subfield></datafield><datafield ind1=' ' ind2=' ' tag='994'><subfield code='a'>02</subfield><subfield code='b'>MAI</subfield></datafield><datafield ind1=' ' ind2=' ' tag='AVA'><subfield code='0'>9918309193506421</subfield><subfield code='8'>22645461280006421</subfield><subfield code='a'>01PRI_INST</subfield><subfield code='b'>eastasian</subfield><subfield code='c'>Remote Storage (ReCAP): East Asian Library Use Only</subfield><subfield code='d'>9315/4228</subfield><subfield code='e'>unavailable</subfield><subfield code='f'>1</subfield><subfield code='g'>1</subfield><subfield code='j'>pl</subfield><subfield code='k'>8</subfield><subfield code='p'>1</subfield><subfield code='q'>East Asian Library</subfield></datafield></record>